@article{otte2012,
title = {C-FOREST: Parallel Shortest-Path Planning with Super Linear Speedup},
author = {M. Otte and N. Correll},
year = {2013},
journal = {{IEEE} Transaction on Robotics},
volume = {29},
number = {3},
pages = {798-806}
}

@inproceedings{curless96,
 title={A volumetric method for building complex models from range images},
 author={B. Curless and M. Levoy},
 booktitle={Proceedings of the 23rd annual conference on Computer Graphics and Interactive Techniques ({SIGGRAPH})},
 year=1996,
 pages={303--312}
} 

@inproceedings{rusinkiewicz01,
 author={S. Rusinkiewicz and M. Levoy}, 
 title={Efficient Variants of the {ICP} Algorithm},
 booktitle={Third International Conference on {3D} Digital Imaging and Modeling ({3DIM})},
year=2001, 
 pages={145--152}
}

@inproceedings{henry2010rgb,
  title={RGB-D mapping: Using depth cameras for dense 3D modeling of indoor environments},
  author={Henry, Peter and Krainin, Michael and Herbst, Evan and Ren, Xiaofeng and Fox, Dieter},
  booktitle={In the 12th International Symposium on Experimental Robotics (ISER},
  year={2010},
  organization={Citeseer}
}

@inproceedings{whelan2013robust,
  title={Robust real-time visual odometry for dense RGB-D mapping},
  author={Whelan, Thomas and Johannsson, Hordur and Kaess, Michael and Leonard, John J and McDonald, John},
  booktitle={Robotics and Automation (ICRA), 2013 IEEE International Conference on},
  pages={5724--5731},
  year={2013},
  organization={IEEE}
}